@misc{Recom0,
author = {Lutz Finger},
month = {February},
year = {2014},
title = {Forbes, Recommendation Engines - The Reason Why We Love Big Data},
howpublished = {\url{http://www.forbes.com/sites/lutzfinger/2014/09/02/recommendation-engines-the-reason-why-we-love-big-data}},
note = {(Visited on 05/05/2015)}
}

@misc{IMDb2,
author = {Col Needham},
title = {IMDb History},
howpublished = {\url{http://www.imdb.com/help/show_leaf?history}},
month = {October},
year = {2010},
note = {(Visited on 05/05/2015)}
}

@misc{Here1,
author = {Ohad Hecht},
title = {Here's Why You Should Use a Recommendation Engine | ClickZ},
howpublished = {\url{http://www.clickz.com/clickz/column/2282151/heres-why-you-should-use-a-recommendation-engine}},
month = {March},
year = {2013},
note = {(Visited on 05/05/2015)}
}

@misc{Imdb8,
author = {Quantcast},
title = {Imdb.com : Traffic and Demographic Statistics by Quantcast},
howpublished = {\url{https://www.quantcast.com/imdb.com?country=US}},
month = {April},
year = {2015},
note = {(Visited on 05/05/2015)}
}

@misc{Alexa5,
author = {Alexa},
title = {Alexa Top 500 Global Sites},
howpublished = {\url{http://www.alexa.com/topsites/global;2}},
month = {May},
year = {2015},
note = {(Visited on 05/05/2015)}
}

@misc{HowM2,
author = {Paul Ausick},
title = {How Much Time Do Viewers Really Spend With Netflix? (NASDAQ: NFLX) - 24/7 Wall St.},
howpublished = {\url{http://247wallst.com/technology-3/2014/09/29/how-much-time-do-viewers-really-spend-with-netflix}},
month = {September},
year = {2014},
note = {(Visited on 04/04/2015)}
}

@misc{Mobil1,
author = {Emarketer},
title = {Mobile Continues to Steal Share of US Adults' Daily Time Spent with Media - eMarketer},
howpublished = {\url{http://www.emarketer.com/Article/Mobile-Continues-Steal-Share-of-US-Adults-Daily-Time-Spent-with-Media/1010782}},
month = {April},
year = {2012},
note = {(Visited on 04/04/2015)}
}

@misc{Recom8_voc,
author = {Institut Telecom in Paris},
title = {Recommendation Engine Market Survey | Customers.com - Trusted Advisors to Customer Centric Executives},
howpublished = {\url{http://www.customers.com/articles/recommendation-engine-market-survey/}},
month = {April},
year = {2010},
note = {(Visited on 08/05/2015)}
}

@misc{time_spent_online,
author = {Max Nisen},
title = {How Much Time People Spend Online - Business Insider},
howpublished = {\url{http://www.businessinsider.com/how-much-time-people-spend-online-2013-10?IR=T}},
month = {October},
year = {2013},
note = {(Visited on 04/24/2015)}
}

@misc{number_of_movies_per_year_online,
author = {Statista},
title = {Movie releases in North America 2014 | Statistic},
howpublished = {\url{http://www.statista.com/statistics/187147/movie-releases-in-north-america-since-1980/}},
month = {February},
year = {2015},
note = {(Visited on 04/25/2015)}
}

@misc{Profile_online,
author = {Daniel G. Goldstein and Dominique C. Goldstein},
title = {Profiting from the Long Tail - HBR},
howpublished = {\url{https://hbr.org/2006/06/profiting-from-the-long-tail}},
month = {June},
year = {2006},
note = {(Visited on 05/09/2015)}
}

@misc{flicking_online,
author = {Thorin Klosowski},
title = {How to Stop Flicking Through a Million Movie Options and Pick Something to Watch},
howpublished = {\url{http://lifehacker.com/5897034/how-to-stop-flicking-through-a-million-movie-options-and-pick-something-to-watch}},
month = {March},
year = {2012},
note = {(Visited on 04/26/2015)}
}

@misc{popularity_online,
author = {Moz},
title = {Open Site Explorer | Moz},
howpublished = {\url{https://moz.com/researchtools/ose/comparisons?site=http%3A%2F%2Fwww.imdb.com%2F&no_redirects=0}},
month = {},
year = {2015},
note = {(Visited on 04/28/2015)}
}

@misc{Longtail_online,
author = {Mike Masnick},
title = {The Long Tail Is Only As Good As The Recommendation System | Techdirt},
howpublished = {\url{https://www.techdirt.com/articles/20081123/1230162928.shtml}},
month = {November},
year = {2008},
note = {(Visited on 04/29/2015)}
}

@article{Article_1,
  title={Toward the next generation of recommender systems: A survey of the state-of-the-art and possible extensions},
  author={Adomavicius, Gediminas and Tuzhilin, Alexander},
  journal={Knowledge and Data Engineering, IEEE Transactions on},
  volume={17},
  number={6},
  pages={734--749},
  year={2005},
  publisher={IEEE}
}

@book{Fleisher:2007:BCA:1408337,
 author = {Fleisher, Craig and Bensoussan, Babette},
 title = {Business and Competitive Analysis: Effective Application of New and Classic Methods},
 year = {2007},
 isbn = {9780131873667},
 edition = {First},
 Pagenumber={},
 number={ ,Chapter },
 publisher = {FT Press},
} 

@book{Fleisher_411:2007:BCA:1408337,
 author = {Fleisher, Craig and Bensoussan, Babette},
 title = {Business and Competitive Analysis: Effective Application of New and Classic Methods},
 year = {2007},
 isbn = {9780131873667},
 edition = {First},
 Pagenumber={},
 number={411, Chapter 7},
 publisher = {FT Press},
} 

@misc{Alexa_imdb,
author = {Alexa},
title = {imdb.com Site Overview},
howpublished = {\url{http://www.alexa.com/siteinfo/imdb.com}},
month = {May},
year = {2015},
note = {(Visited on 05/10/2015)}
}

@misc{Press_imdb_online,
author = {IMDB},
title = {Press Room},
howpublished = {\url{http://www.imdb.com/pressroom/about/}},
month = {},
year = {2015},
note = {(Visited on 05/10/2015)}
}

@misc{How_I4_online,
author = {Don Nicholas},
title = {How IMDb Uses CPA Advertising To Make Money Online - Mequoda Daily},
howpublished = {\url{http://www.mequoda.com/articles/multiplatform-publishing-strategy/how-imdb-uses-cpa-advertising-to-make-money-online/}},
month = {August},
year = {2014},
note = {(Visited on 05/10/2015)}
}

@misc{Fanda7_online,
author = {Anthony Ha},
title = {Fandango Will Offer Embedded Trailers And Ticketing On Samsung Smart TVs | TechCrunch},
howpublished = {\url{http://techcrunch.com/2014/01/07/fandango-samsung/}},
month = {January},
year = {2014},
note = {(Visited on 05/10/2015)}
}

@misc{Fandango_online_about_us,
author = {Fandango},
title = {About Us - Fandango},
howpublished = {\url{http://www.fandango.com/AboutUs.aspx}},
month = {},
year = {2015},
note = {(Visited on 05/10/2015)}
}

@misc{Jinni0_online,
author = {Editor, Advanced Television},
title = {Jinni speech recognition for search | Advanced Television},
howpublished = {\url{http://advanced-television.com/2013/01/10/jinni-speech-recognition-for-search/}},
month = {January},
year = {2013},
note = {(Visited on 05/10/2015)}
}

@misc{Agoodmovietowatch_online,
author = {A Good movie to watch team},
title = {About A Good Movie to Watch, The Ideal Movie Suggestion Generator},
howpublished = {\url{http://agoodmovietowatch.com/about/}},
month = {},
year = {2015},
note = {(Visited on 05/10/2015)}
}

@BOOK{Porter199806, 
title={Competitive Advantage: Creating and Sustaining Superior Performance},
author={Michael E. Porter},
publisher={Free Press},
year={1998},
month={6},
edition={1},
isbn={9780684841465},
url={http://amazon.com/o/ASIN/0684841460/},
totalpages={592},
number={169, Chapter 5},
timestamp={2015.05.10},
}

@BOOK{ByersDorfNelson201401, 
title={Technology Ventures: From Idea to Enterprise},
author={Thomas Byers and Richard Dorf and Andrew Nelson},
publisher={McGraw-Hill Science/Engineering/Math},
year={2014},
month={1},
edition={4},
isbn={9780073523422},
url={http://amazon.com/o/ASIN/0073523429/},
totalpages={624},
number={65, Chapter 4},
timestamp={2015.05.10},
}